This turns on the option ("1") to show a classification for each entry.
This also says "by default, if an item lacks a classification mark,
  then consider it to be (U) by default.

@IEEEtranBSTCTL{NPS:BSTctl,
CTLclassification_show = "1",
CTLclassification_unmarked = "(U)"
}
